%% This BibTeX bibliography file was created using BibDesk.
%% http://bibdesk.sourceforge.net/


%% Created for Johan W. Joubert at 2017-02-27 14:37:49 +0200 


%% Saved with string encoding Unicode (UTF-8) 



@article{ar:Manson2006,
	Author = {Manson, NJ},
	Date-Added = {2017-02-27 12:36:43 +0000},
	Date-Modified = {2017-02-27 12:36:43 +0000},
	Journal = {ORiON: The Journal of ORSSA},
	Number = {2},
	Pages = {155--180},
	Publisher = {ORSSA},
	Title = {Is operations research really research?},
	Volume = {22},
	Year = {2006}}
